@article{Robins1992,
  author    = {Robins, J.M. and Rotnitzky, A.},
  title     = {Recovery of Information and Adjustment for Dependent Censoring using Surrogate Markers},
  journal   = {AIDS Epidemiology-Methodological Issues},
  pages     = {297-331},
  year      = 1992
}

@article{Robins1999,
  author    = {Robins, J.M.},
  title     = {Robust Estimation in Sequentially Ignorable Mssing Data and Causal Inference Models},
  journal   = {Proceedings of the American Statistical Association section of Bayesian Statistical Science},
  pages     = {6-10},
  year      = 1999
}

@article{Bang2005,
  author    = {Bang, H. and Robins, J.M.},
  title     = {Doubly Robust Estimation in Missing Data and Causal Inference Models},
  journal   = {Biometrics},
  volume    = {61},
  pages     = {962-972},
  year      = 2005
}

@article{vanderLaan2012,
  author    = {van der Laan, M.J. and Gruber, S.},
  title     = {Targeted Minimum Loss Based Estimation of Causal Effects of Multiple Time Point Interventions},
  journal   = {The Internation Journal of Biostatistics},
  volume    = {8},
  number    = {1}, 
  year      = 2012
}

@article{vanderLaan2006,
  author    = {vam der Laan, M.J. and Rubin, D.},
  title     = {Targeted Maximum Likelihood Learning},
  publisher = {The International Journal of Biostatistics},
  volume    = {2},
  number    = {1},
  year      = 2006
}
